@inproceedings{fairswap,
  title={Fairswap: How to fairly exchange digital goods},
  author={Dziembowski, Stefan and Eckey, Lisa and Faust, Sebastian},
  booktitle={Proceedings of the 2018 ACM SIGSAC Conference on Computer and Communications Security},
  pages={967--984},
  year={2018},
  organization={ACM}
}
@inproceedings{eggeratomic,
  title={Atomic Multi-Channel Updates with Constant Collateral in Bitcoin-Compatible Payment-Channel Networks},
  author={Egger, Christoph and Moreno-Sanchez, Pedro and Maffei, Matteo},
    booktitle={ 26th ACM Conference on Computer and Communications Security},
  year={2019},
  organization={ACM}

}

@inproceedings{herlihy2018atomic,
  title={Atomic cross-chain swaps},
  author={Herlihy, Maurice},
  booktitle={Proceedings of the 2018 ACM Symposium on Principles of Distributed Computing},
  pages={245--254},
  year={2018},
  organization={ACM}
}

@inproceedings{camenisch2018wonderful,
  title={The wonderful world of global random oracles},
  author={Camenisch, Jan and Drijvers, Manu and Gagliardoni, Tommaso and Lehmann, Anja and Neven, Gregory},
  booktitle={Annual International Conference on the Theory and Applications of Cryptographic Techniques},
  pages={280--312},
  year={2018},
  organization={Springer}
}

@inproceedings{camenisch2005formal,
  title={A formal treatment of onion routing},
  author={Camenisch, Jan and Lysyanskaya, Anna},
  booktitle={Annual International Cryptology Conference},
  pages={169--187},
  year={2005},
  organization={Springer}
}
@article{kiayiascomposable,
  title={A Composable Security Treatment of the Lightning Network},
  author={Kiayias, Aggelos and Litos, Orfeas Stefanos Thyfronitis}
}
@article{bano2017consensus,
  title={Consensus in the age of blockchains},
  author={Bano, Shehar and Sonnino, Alberto and Al-Bassam, Mustafa and Azouvi, Sarah and McCorry, Patrick and Meiklejohn, Sarah and Danezis, George},
  journal={arXiv preprint arXiv:1711.03936},
  year={2017}
}
@article{gudgeon2019sok,
  title={SoK: Off The Chain Transactions},
  author={Gudgeon, Lewis and Moreno-Sanchez, Pedro and Roos, Stefanie and McCorry, Patrick and Gervais, Arthur},
  journal={IACR Cryptology ePrint Archive},
  volume={2019},
  pages={360},
  year={2019}
}
@inproceedings{speedymurmur,
  title={Settling Payments Fast and Private: Efficient Decentralized Routing for Path-Based Transactions},
  author={Roos, Stefanie and Moreno-Sanchez, Pedro and Kate, Aniket and Goldberg, Ian},
  booktitle={Network and Distributed System Security Symposium},
  year={2018}
}
@inproceedings{thuy2005distributed,
  title={A distributed algorithm for the maximum flow problem},
  author={Pham, Thuy Lien and Lavallee, Ivan and Bui, Marc and Do, Si Hoang},
  booktitle={The 4th International Symposium on Parallel and Distributed Computing (ISPDC'05)},
  pages={131--138},
  year={2005},
  organization={IEEE}
}

 
@article{tarjan,
  title={A new approach to the maximum-flow problem},
  author={Goldberg, Andrew V and Tarjan, Robert E},
  journal={Journal of the ACM (JACM)},
  volume={35},
  number={4},
  pages={921--940},
  year={1988},
  publisher={ACM}
}
@incollection{elias,
  title={Towards a Concurrent and Distributed Route Selection for Payment Channel Networks},
  author={Rohrer, Elias and La{\ss}, Jann-Frederik and Tschorsch, Florian},
  booktitle={Data Privacy Management, Cryptocurrencies and Blockchain Technology},
  pages={411--419},
  year={2017},
  publisher={Springer}
}
@inproceedings{can,
  title={Universally composable security: A new paradigm for cryptographic protocols},
  author={Canetti, Ran},
  booktitle={Foundations of Computer Science, 2001. Proceedings. 42nd IEEE Symposium on},
  pages={136--145},
  year={2001},
  organization={IEEE}
}
@inproceedings{malavolta,
  title={Concurrency and privacy with payment-channel networks},
  author={Malavolta, Giulio and Moreno-Sanchez, Pedro and Kate, Aniket and Maffei, Matteo and Ravi, Srivatsan},
  booktitle={Proceedings of the 2017 ACM SIGSAC Conference on Computer and Communications Security},
  pages={455--471},
  year={2017},
  organization={ACM}
}
@inproceedings{silentwhispers,
  title={SilentWhispers: Enforcing Security and Privacy in Decentralized Credit Networks.},
  author={Malavolta, Giulio and Moreno-Sanchez, Pedro and Kate, Aniket and Maffei, Matteo},
  booktitle={Network and Distributed System Security Symposium},
  year={2017}
  
}
@inproceedings{malavoltamulti,
  title={Multi-Hop Locks for Secure, Privacy-Preserving and Interoperable Payment-Channel Networks},
  author={Malavolta, Giulio and Moreno-Sanchez, Pedro and Schneidewind, Clara and Kate, Aniket and Maffei, Matteo},
  booktitle={Network and Distributed System Security Symposium},
  year={2019}
}
@article{csardi2006igraph,
  title={The igraph software package for complex network research},
  author={Csardi, Gabor and Nepusz, Tamas},
  journal={InterJournal, Complex Systems},
  volume={1695},
  number={5},
  pages={1--9},
  year={2006}
}
@inproceedings{yu2019chameleon,
  title={Chameleon Hash Time-Lock Contract for Privacy Preserving Payment Channel Networks},
  author={Yu, Bin and Kermanshahi, Shabnam Kasra and Sakzad, Amin and Nepal, Surya},
  booktitle={International Conference on Provable Security},
  pages={303--318},
  year={2019},
  organization={Springer}
}

@misc{Code,
  title = {SpliPayLock},
  year = {2019},
  publisher = {Dropbox},
  journal = {Dropbox repository},
  howpublished = "\texttt{https://www.dropbox.com/sh/x9pngj005dxh87b/\ AAAJNt-WquV0JZTspnijEXNVa?dl=0}"
}
@inproceedings{croman2016scaling,
  title={On scaling decentralized blockchains},
  author={Croman, Kyle and Decker, Christian and Eyal, Ittay and Gencer, Adem Efe and Juels, Ari and Kosba, Ahmed and Miller, Andrew and Saxena, Prateek and Shi, Elaine and Sirer, Emin G{\"u}n and others},
  booktitle={International Conference on Financial Cryptography and Data Security},
  pages={106--125},
  year={2016},
  organization={Springer}
}
@article{poon2016bitcoin,
  title={The bitcoin lightning network: Scalable off-chain instant payments},
  author={Poon, Joseph and Dryja, Thaddeus},
  journal={See https://lightning. network/lightning-network-paper. pdf},
  year={2016}
}
@article{prihodko2016flare,
  title={Flare: An approach to routing in lightning network},
  author={Prihodko, Pavel and Zhigulin, Slava and Sahno, Mykola and Ostrovskiy, Aleksei and Osuntokun, Olaoluwa},
  journal={White Paper (bitfury.com/content/5-white-papers-research/whitepaper \newline \_flare\_an\_approach\_to\_routing\_in\_lightning\_n etwork\_7\_7\_2016. pdf)},
  year={2016}
}
@article{decker2018eltoo,
  title={eltoo: A simple layer2 protocol for bitcoin},
  author={Decker, Christian and Russell, Rusty and Osuntokun, Olaoluwa},
  journal={White paper: https://blockstream. com/eltoo. pdf},
  year={2018}
}
@inproceedings{decker2015fast,
  title={A fast and scalable payment network with bitcoin duplex micropayment channels},
  author={Decker, Christian and Wattenhofer, Roger},
  booktitle={Symposium on Self-Stabilizing Systems},
  pages={3--18},
  year={2015},
  organization={Springer}
}
@inproceedings{luu2016secure,
  title={A secure sharding protocol for open blockchains},
  author={Luu, Loi and Narayanan, Viswesh and Zheng, Chaodong and Baweja, Kunal and Gilbert, Seth and Saxena, Prateek},
  booktitle={Proceedings of the 2016 ACM SIGSAC Conference on Computer and Communications Security},
  pages={17--30},
  year={2016},
  organization={ACM}
}
@article{nakamoto2008bitcoin,
  title={Bitcoin: A peer-to-peer electronic cash system},
  author={Nakamoto, Satoshi},
  year={2008},
  publisher={Working Paper}
}
@misc{raiden,
  title = {Raiden Network},
  year = {July 2017},
  publisher = {},
  journal = {},
  howpublished = "\texttt{http://raiden.network/}"
}
@article{thomas2015protocol,
  title={A protocol for interledger payments},
  author={Thomas, Stefan and Schwartz, Evan},
  journal={URL https://interledger. org/interledger. pdf},
  year={2015}
}

@inproceedings{dziembowski2018general,
  title={General state channel networks},
  author={Dziembowski, Stefan and Faust, Sebastian and Host{\'a}kov{\'a}, Kristina},
  booktitle={Proceedings of the 2018 ACM SIGSAC Conference on Computer and Communications Security},
  pages={949--966},
  year={2018},
  organization={ACM}
}
@misc{multipath,
  title = { AMP: Atomic Multi-Path Payments over Lightning.},
  year = {February 2018},
  publisher = { Lightning-dev -- Development discussion of the Lightning Network Bitcoin Caching Layer.},
  journal = {},
  howpublished="\texttt{https://lists.linuxfoundation.org/pipermail/lightning-dev/\ 2018-February/000993.html}"
}
@misc{atomic,
  title = { Atomic cross-chain trading.},
  year = {July 2017},
  publisher = { Lightning-dev -- Development discussion of the Lightning Network Bitcoin Caching Layer.},
  journal = {},
  howpublished = "\texttt{https://en.bitcoin.it/wiki/\ Atomic\_cross-chain\_trading}"
}
@inproceedings{green2017bolt,
  title={Bolt: Anonymous payment channels for decentralized currencies},
  author={Green, Matthew and Miers, Ian},
  booktitle={Proceedings of the 2017 ACM SIGSAC Conference on Computer and Communications Security},
  pages={473--489},
  year={2017},
  organization={ACM}
}
@inproceedings{viswanath2012canal,
  title={Canal: Scaling social network-based Sybil tolerance schemes},
  author={Viswanath, Bimal and Mondal, Mainack and Gummadi, Krishna P and Mislove, Alan and Post, Ansley},
  booktitle={Proceedings of the 7th ACM european conference on Computer Systems},
  pages={309--322},
  year={2012},
  organization={ACM}
}
@inproceedings{yu2018coinexpress,
  title={CoinExpress: A Fast Payment Routing Mechanism in Blockchain-based Payment Channel Networks},
  author={Yu, Ruozhou and Xue, Guoliang and Kilari, Vishnu Teja and Yang, Dejun and Tang, Jian},
  booktitle={2018 27th International Conference on Computer Communication and Networks (ICCCN)},
  pages={1--9},
  year={2018},
  organization={IEEE}
}
@inproceedings{moreno2015privacy,
  title={Privacy preserving payments in credit networks},
  author={Moreno-Sanchez, Pedro and Kate, Aniket and Maffei, Matteo and Pecina, Kim},
  booktitle={Network and Distributed Security Symposium},
  year={2015}
}
@article{lind2017teechain,
  title={Teechain: Scalable blockchain payments using trusted execution environments},
  author={Lind, Joshua and Eyal, Ittay and Kelbert, Florian and Naor, Oded and Pietzuch, Peter and Sirer, Emin Gun},
  journal={arXiv preprint arXiv:1707.05454},
  year={2017}
}
@techreport{dziembowski2017perun,
  title={PERUN: Virtual Payment Hubs over Cryptographic Currencies},
  author={Dziembowski, Stefan and Eckey, Lisa and Faust, Sebastian and Malinowski, Daniel},
  year={2017},
  institution={IACR Cryptology ePrint Archive 2017}
}
@misc{Pow,
  title = { Proof of Stake versus Proof of Work},
  year = {Sep 13, 2015 (Version 1.0)},
  publisher = {BitFury Group},
  journal = {},
  howpublished = "\texttt{https://bitfury.com/content/downloads/\newline pos-vs-pow-1.0.2.pdf}"
}
@article{grunspan2018ant,
  title={Ant routing algorithm for the Lightning Network},
  author={Grunspan, CYRIL and P{\'e}rez-Marco, RICARDO},
  journal={arXiv preprint arXiv:1807.00151},
  year={2018}
}
@article{roos2016voute,
  title={Voute-virtual overlays using tree embeddings},
  author={Roos, Stefanie and Beck, Martin and Strufe, Thorsten},
  journal={arXiv preprint arXiv:1601.06119},
  year={2016}
}
@article{sivaraman2018routing,
  title={Routing Cryptocurrency with the Spider Network},
  author={Sivaraman, Vibhaalakshmi and Venkatakrishnan, Shaileshh Bojja and Alizadeh, Mohammad and Fanti, Giulia and Viswanath, Pramod},
  journal={arXiv preprint arXiv:1809.05088},
  year={2018}
}
@inproceedings{hoenisch2018aodv,
  title={AODV--Based Routing for Payment Channel Networks},
  author={Hoenisch, Philipp and Weber, Ingo},
  booktitle={International Conference on Blockchain},
  pages={107--124},
  year={2018},
  organization={Springer}
}
@article{atlasinevitability,
  title={The inevitability of privacy in lightning networks, 2017},
  author={Atlas, Kristov},
  journal={URL https://www. kristovatlas. com/the-inevitability-of-privacy-in-lightning-networks/.[Online}
}
@inproceedings{miller2017sprites,
  title={Sprites: Payment channels that go faster than lightning},
  author={Miller, Andrew and Bentov, Iddo and Kumaresan, Ranjit and McCorry, Patrick},
  booktitle={ Twenty-Third International Conference on Financial Cryptography and Data Security 2019 },
  year={2019}
}
@inproceedings{herrera2016privacy,
  title={Privacy in bitcoin transactions: new challenges from blockchain scalability solutions},
  author={Herrera-Joancomart{\'\i}, Jordi and P{\'e}rez-Sol{\`a}, Cristina},
  booktitle={Modeling Decisions for Artificial Intelligence},
  pages={26--44},
  year={2016},
  organization={Springer}
}
@inproceedings{panwar2019blanc,
  title={BlAnC: Blockchain-based Anonymous and Decentralized Credit Networks},
  author={Panwar, Gaurav and Misra, Satyajayant and Vishwanathan, Roopa},
  booktitle={Proceedings of the Ninth ACM Conference on Data and Application Security and Privacy},
  pages={339--350},
  year={2019},
  organization={ACM}
}
@inproceedings{heilman2017tumblebit,
  title={TumbleBit: An untrusted Bitcoin-compatible anonymous payment hub},
  author={Heilman, Ethan and Alshenibr, Leen and Baldimtsi, Foteini and Scafuro, Alessandra and Goldberg, Sharon},
  booktitle={Network and Distributed System Security Symposium},
  year={2017}
}
@inproceedings{giacomelli2016zkboo,
  title={ZKBoo: Faster Zero-Knowledge for Boolean Circuits.},
  author={Giacomelli, Irene and Madsen, Jesper and Orlandi, Claudio},
  booktitle={USENIX Security Symposium},
  pages={1069--1083},
  year={2016}
}
@misc{Crysp,
  title = {Source Code : SpeedyMurmurs: Fast and Private Path-based Transactions},
  year = {Nov 25, 2017},
  publisher = {CrySP RIPPLE Facility, University of Waterloo},
  journal = {},
  howpublished = "\texttt{https://crysp.uwaterloo.ca/software/speedymurmurs/}"
}
@article{albert2002statistical,
  title={Statistical mechanics of complex networks},
  author={Albert, R{\'e}ka and Barab{\'a}si, Albert-L{\'a}szl{\'o}},
  journal={Reviews of modern physics},
  volume={74},
  number={1},
  pages={47},
  year={2002},
  publisher={APS}
}
@article{barabasi2003scale,
  title={Scale-free networks},
  author={Barab{\'a}si, Albert-L{\'a}szl{\'o} and Bonabeau, Eric},
  journal={Scientific american},
  volume={288},
  number={5},
  pages={60--69},
  year={2003},
  publisher={JSTOR}
}
@inproceedings{bellare1993random,
  title={Random oracles are practical: A paradigm for designing efficient protocols},
  author={Bellare, Mihir and Rogaway, Phillip},
  booktitle={Proceedings of the 1st ACM conference on Computer and communications security},
  pages={62--73},
  year={1993},
  organization={ACM}
}
@article{king2012ppcoin,
  title={Ppcoin: Peer-to-peer crypto-currency with proof-of-stake},
  author={King, Sunny and Nadal, Scott},
  journal={self-published paper, August},
  volume={19},
  year={2012}
}
@incollection{li2017securing,
  title={Securing proof-of-stake blockchain protocols},
  author={Li, Wenting and Andreina, S{\'e}bastien and Bohli, Jens-Matthias and Karame, Ghassan},
  booktitle={Data Privacy Management, Cryptocurrencies and Blockchain Technology},
  pages={297--315},
  year={2017},
  publisher={Springer}
}
@article{o2014bitcoin,
  title={Bitcoin mining and its energy footprint},
  author={O'Dwyer, Karl J and Malone, David},
  year={2014},
  publisher={IET}
}
@inproceedings{javarone2018bitcoin,
  title={From Bitcoin to Bitcoin Cash: a network analysis},
  author={Javarone, Marco Alberto and Wright, Craig Steven},
  booktitle={Proceedings of the 1st Workshop on Cryptocurrencies and Blockchains for Distributed Systems},
  pages={77--81},
  year={2018},
  organization={ACM}
}
@inproceedings{attack,
  title={Discharged Payment Channels: Quantifying the Lightning Network's Resilience to Topology-Based Attacks},
  author={Rohrer and Elias and Julian Malliaris and Florian Tschorsch},
  booktitle={Proceedings of the IEEE European Symposium on Security and Privacy Workshops},
  pages={347--356},
  year={2019},
  organization={IEEE}
}
@book{lindell2003composition,
  title={Composition of Secure Multi-Party Protocols: A Comprehensive Study},
  author={Lindell, Yehuda},
  volume={2815},
  year={2003},
  publisher={Springer}
}
@misc{visa,
  title = {Why bitcoin won\'t displace Visa or Mastercard soon},
  author={Ryan Vlastelica},
  year = {December 2017},
  publisher = {},
  journal = {},
  howpublished = "\texttt{https://www.marketwatch.com/story/\  why-bitcoin-wont-displace-visa-or-\ mastercard-soon-2017-12-15}"
}
@article{blum1991noninteractive,
  title={Noninteractive zero-knowledge},
  author={Blum, Manuel and De Santis, Alfredo and Micali, Silvio and Persiano, Giuseppe},
  journal={SIAM Journal on Computing},
  volume={20},
  number={6},
  pages={1084--1118},
  year={1991},
  publisher={SIAM}
}
@misc{Zkboo,
  title = {Source Code : C based implementation of ZKBoo},
  year = {October, 2016},
  publisher = {Sobuno},
  journal = {},
  howpublished = "\texttt{https://github.com/Sobuno/ZKBoo/}"
}
@misc{libgcrypt,
  title = {Libgcrypt, version 1.8.4},
  year = {26 October, 2018},
  publisher = {GNU Privacy Guard},
  journal = {},
  howpublished = "\texttt{	gnupg.org/software/libgcrypt/}"
}
@unpublished{openssl,
  author = {{The Open{SSL} Project}},
  note = {\url{www.openssl.org}},
  title = {{OpenSSL}: The Open Source toolkit for {SSL/TLS}},
  year = {10 September, 2019}
}
@article{seres2019topological,
  title={Topological Analysis of Bitcoin's Lightning Network},
  author={Seres, Istv{\'a}n Andr{\'a}s and Guly{\'a}s, L{\'a}szl{\'o} and Nagy, D{\'a}niel A and Burcsi, P{\'e}ter},
  journal={arXiv preprint arXiv:1901.04972},
  year={2019}
}
